% Encoding: UTF-8

  @misc{ Mysql-dev,
	author = "Oracle",
	title = "Mysql-dev",
	year = "2018",
	url = "https://dev.mysql.com/doc/refman/8.0/en/",
	note = "[Online; accessed 28-May-2018]"
}

@article{sakoe1978dynamic,
	title={Dynamic programming algorithm optimization for spoken word recognition},
	author={Sakoe, Hiroaki and Chiba, Seibi},
	journal={IEEE transactions on acoustics, speech, and signal processing},
	volume={26},
	number={1},
	pages={43--49},
	year={1978},
	publisher={IEEE}
}

@inproceedings{berndt1994using,
 author = {Berndt, Donald J. and Clifford, James},
 title = {Using Dynamic Time Warping to Find Patterns in Time Series},
 booktitle = {Proceedings of the 3rd International Conference on Knowledge Discovery and Data Mining},
 series = {AAAIWS'94},
 year = {1994},
 location = {Seattle, WA},
 pages = {359--370},
 numpages = {12},
 url = {http://dl.acm.org/citation.cfm?id=3000850.3000887},
 acmid = {3000887},
 publisher = {AAAI Press},
 keywords = {dynamic programming, dynamic time warping, knowledge discovery, pattern analysis, time series},
} 

@inproceedings{li2013study,
	title={A Study of kNN using ICU multivariate time series data},
	author={Li, Dan and Djulovic, Admir and Xu, JF},
	booktitle={Proc. Int. Conf. Data Mining, eds. R. Stahlbock and GM Weiss (DMIN, 2013)},
	pages={211--217},
	year={2013}
}
  
@misc{zhu2002learning,
	title={Learning from labeled and unlabeled data with label propagation},
	author={Zhu, Xiaojin and Ghahramani, Zoubin},
	year={2002},
	publisher={Citeseer}
}

@book{ aimp17,
       author = "David Poole, Alan Mackworth",
       title = "Artificial Intelligence: Foundations of Computational Agents",
       edition = {second},
       publisher={Cambridge University Press},
       year = "2017" }
    
@misc{ tdndectrees,
        author = "Thomas Dyhre Nielsen",
        title = "Learning - Introduction and decision trees",
        year = "October 24, 2018"
        }

@inproceedings {
    PredictingUserMovements,
    author = "Bacciu Davide; Gallicchio Claudio; Micheli Alessio; Chessa Stefano",
    title = "Predicting User Movements in Heterogeneous Indoor Environments by Reservoir Computing",
    year = "2011",
    booktitle = "Proceedings of the IJCAI Workshop on Space, Time and Ambient Intelligence (STAMI)"
}

@inproceedings {
    CNNTimeSeriesPred,
    author = "Zheng Yi; Liu Qi; Chen Enhong; Ge Yong; Leon Zhao J.",
    title = "Exploiting multi-channels deep convolutional neural networks for multivariate time series classification",
    year = "2015",
    booktitle = "Frontiers of Computer Science"
}

@inproceedings{
    Yang2015DeepCN,
    title={Deep Convolutional Neural Networks on Multichannel Time Series for Human Activity Recognition},
    author={Jianbo Yang and Minh Nhut Nguyen and Phyo Phyo San and Xiaoli Li and Shonali Krishnaswamy},
    booktitle={IJCAI},
    year={2015}
}

@book{Goodfellow,
    title={Deep Learning},
    author={Ian Goodfellow and Yoshua Bengio and Aaron Courville},
    publisher={MIT Press},
    note={\url{http://www.deeplearningbook.org}},
    year={2016}
}

@inproceedings{convolutional,
  title={Convolutional neural networks for human activity recognition using mobile sensors},
  author={Zeng, Ming and Nguyen, Le T and Yu, Bo and Mengshoel, Ole J and Zhu, Jiang and Wu, Pang and Zhang, Joy},
  booktitle={Mobile Computing, Applications and Services (MobiCASE), 2014 6th International Conference on},
  pages={197--205},
  year={2014},
  organization={IEEE}
}

@article{digits,
  title={A novel hybrid CNN--SVM classifier for recognizing handwritten digits},
  author={Niu, Xiao-Xiao and Suen, Ching Y},
  journal={Pattern Recognition},
  volume={45},
  number={4},
  pages={1318--1325},
  year={2012},
  publisher={Elsevier}
}

@inproceedings{krizhevsky2012imagenet,
  title={Imagenet classification with deep convolutional neural networks},
  author={Krizhevsky, Alex and Sutskever, Ilya and Hinton, Geoffrey E},
  booktitle={Advances in neural information processing systems},
  pages={1097--1105},
  year={2012}
}

@misc{nielsenneural,
  added-at = {2018-02-02T15:47:03.000+0100},
  author = {Nielsen, Michael A.},
  biburl = {https://www.bibsonomy.org/bibtex/274383acee84241145ff4ffede9658206/martin29},
  interhash = {04d527cadd39f888fc3babcad3343362},
  intrahash = {74383acee84241145ff4ffede9658206},
  keywords = {Neural and book deep learning networks},
  publisher = {Determination Press},
  timestamp = {2018-02-02T15:47:03.000+0100},
  title = {Neural Networks and Deep Learning},
  type = {misc},
  url = {http://neuralnetworksanddeeplearning.com/},
  year = 2018
}


@misc{ thomas_nn_slides,
        author = "Thomas Dyhre Nielsen",
        title = "Machine Intelligence, Lecture 8: Learning II",
        year = "October 31, 2018"
}
